% This file was created with JabRef 2.9.
% Encoding: Cp1252